<?xml version="1.0" encoding="UTF-8"?><collection xmlns="http://www.loc.gov/MARC21/slim"><record><leader>00342nam--2200133-i-4500</leader><controlfield tag="001">000028467</controlfield><controlfield tag="002">20161230</controlfield><controlfield tag="005">20161230201037</controlfield><controlfield tag="008">060222s1000------------r-----000-0-eng-d</controlfield><datafield ind1=" " ind2=" " tag="080"><subfield code="a">621.391</subfield></datafield><datafield ind1=" " ind2=" " tag="100"><subfield code="a">Lange, F.H</subfield></datafield><datafield ind1=" " ind2=" " tag="245"><subfield code="a">Signale und systeme. bd.1. spektrale darstellung</subfield></datafield><datafield ind1=" " ind2=" " tag="260"><subfield code="a">Berlin, Veb Verlag Technik, 1965, 428p</subfield></datafield><datafield ind1=" " ind2=" " tag="852"><subfield code="a">22905</subfield></datafield></record></collection>